<?xml version="1.0" encoding="utf-8"?>
<record xmlns="http://www.loc.gov/MARC21/slim" xmlns:xsi="http://www.w3.org/2001/XMLSchema-instance" xsi:schemaLocation="http://www.loc.gov/MARC21/slim http://www.loc.gov/standards/marcxml/schema/MARC21slim.xsd">
	<leader>     nam a22     Mi 4500</leader>
	<controlfield tag="001">b12479202</controlfield>
	<controlfield tag="003">LeBAU</controlfield>
	<controlfield tag="006">m        d        </controlfield>
	<controlfield tag="007">cr cn |||m|||a</controlfield>
	<controlfield tag="008">200522m19551958ua ah   o       0   ara d</controlfield>
	<datafield ind1=" " ind2=" " tag="040">
		<subfield code="a">ZYU</subfield>
		<subfield code="b">ara</subfield>
		<subfield code="e">rda</subfield>
		<subfield code="c">ZYU</subfield>
	</datafield>
	<datafield ind1="0" ind2="4" tag="082">
		<subfield code="a">349.297</subfield>
		<subfield code="2">20</subfield>
	</datafield>
	<datafield ind1="1" ind2=" " tag="100">
		<subfield code="6">880-01</subfield>
		<subfield code="a">Mardāwī, ʻAlī ibn Sulaymān,</subfield>
		<subfield code="d">1414 or 1415-1480 or 1481.</subfield>
		<subfield code="e">author.</subfield>
		<subfield code="0">https://lccn.loc.gov/nr93045096 ,</subfield>
	</datafield>
	<datafield ind1="1" ind2="0" tag="245">
		<subfield code="6">880-02</subfield>
		<subfield code="a">al-Inṣāf fī maʻrifat al-rājiḥ min al-khilāf ʻalá madhhab al-Imām Aḥmad ibn Ḥanbal /</subfield>
		<subfield code="c">taʼlīf muṣaḥḥiḥ al-madhhab wa-munaqqiḥuh shaykh al-Islām al-ʻallāmah al-faqīh al-muḥaqqiq ʻAlāʼ al-Dīn Abī al-Ḥasan ʻAlī ibn Sulaymān al-Mardāwī, 817-885 H ; ṣaḥḥaḥahu wa-ḥaqqaqahu Muḥammad Ḥāmid al-Faqī.</subfield>
	</datafield>
	<datafield ind1=" " ind2=" " tag="250">
		<subfield code="6">880-03</subfield>
		<subfield code="a">al-Ṭabʻah al-ūlá.</subfield>
	</datafield>
	<datafield ind1=" " ind2="1" tag="264">
		<subfield code="6">880-04</subfield>
		<subfield code="a">al-Qāhirah :</subfield>
		<subfield code="b">Maṭbaʻat al-Sunnah al-Muḥammadīyah,</subfield>
		<subfield code="c">1374-1377 H. = 1955-1958 M.</subfield>
	</datafield>
	<datafield ind1=" " ind2=" " tag="300">
		<subfield code="6">880-05</subfield>
		<subfield code="a">online resource (6 volumes) :</subfield>
		<subfield code="b">illustrations, facsimiles</subfield>
	</datafield>
	<datafield ind1=" " ind2=" " tag="336">
		<subfield code="a">text</subfield>
		<subfield code="2">rdacontent</subfield>
	</datafield>
	<datafield ind1=" " ind2=" " tag="337">
		<subfield code="a">computer</subfield>
		<subfield code="2">rdamedia</subfield>
	</datafield>
	<datafield ind1=" " ind2=" " tag="338">
		<subfield code="a">online resource</subfield>
		<subfield code="2">rdacarrier</subfield>
	</datafield>
	<datafield ind1=" " ind2=" " tag="500">
		<subfield code="a">12 جزء ببليوغرافي في 6 اجزاء مادية.</subfield>
	</datafield>
	<datafield ind1=" " ind2=" " tag="500">
		<subfield code="a">Part of the Arabic Collections Online (ACO) project, contributed by American University of Beirut's Jafet Memorial Library.</subfield>
	</datafield>
	<datafield ind1=" " ind2=" " tag="533">
		<subfield code="a">Electronic reproduction.</subfield>
		<subfield code="b">New York, N.Y. :</subfield>
		<subfield code="c">New York University,</subfield>
		<subfield code="d">2020.</subfield>
		<subfield code="5">NNU</subfield>
	</datafield>
	<datafield ind1=" " ind2="4" tag="650">
		<subfield code="a">الفقه الاسلامي</subfield>
		<subfield code="v">اعمال قديمة حتى 1800.</subfield>
	</datafield>
	<datafield ind1=" " ind2="4" tag="650">
		<subfield code="a">المذهب الحنبلي</subfield>
		<subfield code="v">اعمال قديمة حتى 1800.</subfield>
	</datafield>
	<datafield ind1=" " ind2="0" tag="650">
		<subfield code="a">Islamic law</subfield>
		<subfield code="v">Early works to 1800.</subfield>
	</datafield>
	<datafield ind1=" " ind2="0" tag="650">
		<subfield code="a">Hanbalites</subfield>
		<subfield code="v">Early works to 1800.</subfield>
	</datafield>
	<datafield ind1="1" ind2=" " tag="700">
		<subfield code="6">880-06</subfield>
		<subfield code="a">Faqī, Muḥammah Ḥāmid,</subfield>
		<subfield code="e">annotator.</subfield>
	</datafield>
	<datafield ind1="2" ind2=" " tag="710">
		<subfield code="a">Jafet Memorial Library.</subfield>
	</datafield>
	<datafield ind1="0" ind2=" " tag="730">
		<subfield code="a">Arabic Collections Online.</subfield>
	</datafield>
	<datafield ind1="0" ind2="8" tag="776">
		<subfield code="i">Print version:</subfield>
		<subfield code="a">Mardāwī, ʻAlī ibn Sulaymān, 1414 or 1415-1480 or 1481. author. https://lccn.loc.gov/nr93045096 ,</subfield>
		<subfield code="t">al-Inṣāf fī maʻrifat al-rājiḥ min al-khilāf ʻalá madhhab al-Imām Aḥmad ibn Ḥanbal</subfield>
		<subfield code="w">(LeBAU)b12479202</subfield>
	</datafield>
	<datafield ind1="4" ind2="0" tag="856">
		<subfield code="u">http://hdl.handle.net/2333.1/4b8gttn8</subfield>
	</datafield>
	<datafield ind1="1" ind2=" " tag="880">
		<subfield code="6">100-01</subfield>
		<subfield code="a">المرداوي، علي بن سليمان،</subfield>
		<subfield code="d">1414 او 1415-1480 او 1481،</subfield>
		<subfield code="0">https://lccn.loc.gov/nr93045096 ,</subfield>
		<subfield code="e">مؤلف. </subfield>
		<subfield code="4">aut.</subfield>
	</datafield>
	<datafield ind1="1" ind2="3" tag="880">
		<subfield code="6">245-02</subfield>
		<subfield code="a">الإنصاف في معرفة الراجح من الخلاف على مذهب الامام المبجل أحمد بن حنبل /</subfield>
		<subfield code="c">تأليف مصحح المذهب ومنقحه، شيخ الإسلام العلامة الفقيه المحقق علاء الدين أبي الحسن علي بن سليمان المرداوي، 817-885 هـ. ؛ صححه وحققه محمد حامد الفقي.</subfield>
	</datafield>
	<datafield ind1=" " ind2=" " tag="880">
		<subfield code="6">250-03</subfield>
		<subfield code="a">الطبعة الاولى.</subfield>
	</datafield>
	<datafield ind1=" " ind2="1" tag="880">
		<subfield code="6">264-04</subfield>
		<subfield code="a">القاهرة :</subfield>
		<subfield code="b">مطبعة السنة المحمدية،</subfield>
		<subfield code="c">1374-1377 هـ. = 1955-1958 م.</subfield>
	</datafield>
	<datafield ind1=" " ind2=" " tag="880">
		<subfield code="6">300-05</subfield>
		<subfield code="a">6 اجزاء :</subfield>
		<subfield code="b">مصورات، صور طبق الاصل ؛</subfield>
		<subfield code="c">25 سم</subfield>
	</datafield>
	<datafield ind1="1" ind2=" " tag="880">
		<subfield code="6">700-06</subfield>
		<subfield code="a">الفقي، محمد حامد،</subfield>
		<subfield code="e">محقق. </subfield>
		<subfield code="4">ann.</subfield>
	</datafield>
	<datafield ind1=" " ind2=" " tag="959">
		<subfield code="a">NNU</subfield>
		<subfield code="b">WEB</subfield>
		<subfield code="c">GENI</subfield>
		<subfield code="t">0</subfield>
		<subfield code="m">Electronic access</subfield>
		<subfield code="s">01</subfield>
	</datafield>
	<datafield ind1=" " ind2=" " tag="999">
		<subfield code="i">LeBAU_b12479202</subfield>
		<subfield code="s">aub_aco003860:v.1-2</subfield>
		<subfield code="s">aub_aco003861:v.3-4</subfield>
		<subfield code="s">aub_aco003862:v.5-6</subfield>
		<subfield code="s">aub_aco003863:v.7-8</subfield>
		<subfield code="s">aub_aco003864:v.9-10</subfield>
		<subfield code="s">aub_aco003865:v.11-12</subfield>
		<subfield code="e">(ERROR-MISC)</subfield>
	</datafield>
</record>
